@ARTICLE{Robles2009,
	AUTHOR       = "David Robles and Simon Lucas",
	TITLE        = "A simple tree search method for playing Ms. Pac-Man",
	JOURNAL      = "Proceedings of the 5th International Conference on Computational Intelligence in Games",
	YEAR         = "2009",
	PAGES        = "249-255"
}

@ARTICLE{Samothrakis2011,
	AUTHOR       = "Spyridon Samothrakis and David Robles and Simon Lucas",
	TITLE        = "Fast approximate max-n Monte Carlo tree search for Ms. Pac-Man",
	JOURNAL      = "IEEE Transactions on Computation Intelligence and AI in Games",
	YEAR         = "2011",
	VOLUME       = "3",
	NUMBER       = "2",
	PAGES        = "142-154",
	MONTH        = "June"
}

@ARTICLE{Gelly2006,
	AUTHOR       = "Sylvain Gelly and Yizao Wang",
	TITLE        = "Exploration exploitation in Go: UCT for Monte-Carlo Go",
	JOURNAL      = "Proceedings of the 20th Annual Conference of Neural Information Processing Systems",
	YEAR         = "2006"
}

@ARTICLE{Auer2002,
	AUTHOR       = "Peter Auer and Nicol√≤ Cesa-Bianchi and Paul Fischer",
	TITLE        = "Finite-time analysis of the multiarmed bandit problem",
	JOURNAL      = "Journal of Machine Learning",
	YEAR         = "2002",
	NUMBER       = "47",
	PAGES        = "235-256"
}

@ARTICLE{Kuleshov2010,
	AUTHOR       = "Volodymyr Kuleshov and Doina Precup",
	TITLE        = "Algorithms for the multi-armed bandit problem",
	JOURNAL      = "Journal of Machine Learning",
	YEAR         = "2010"
}

@INPROCEEDINGS{Luckhart1986,
AUTHOR = "Carol Luckhart and Keki B. Irani",
TITLE = "An Algorithmic Solution of N-Person Games",
BOOKTITLE = "AAAI'86",
PAGES = {158-162},
YEAR = {1986}, 
}

@INPROCEEDINGS{Lucas2005,
  title =	"Evolving a Neural Network Location Evaluator to Play
		 Ms. Pac-Man",
  author =	"Simon M. Lucas",
  publisher =	"IEEE",
  year = 	"2005",
  bibdate =	"2007-05-07",
  bibsource =	"DBLP,
		 http://dblp.uni-trier.de/db/conf/cig/cig2005.html#Lucas05",
  booktitle =	"CIG",
}

@Book{Koza1992,
  author =	"John R. Koza",
  title =	"Genetic Programming: On the Programming of Computers
		 by Means of Natural Selection",
  publisher =	"MIT Press",
  year = 	"1992",
  ISBN = 	"0-262-11170-5",
}

@InProceedings{Chaslot2008,
  title =	"Monte-Carlo Tree Search: {A} New Framework for Game
		 {AI}",
  author =	"Guillaume Chaslot and Sander Bakkes and Istvan Szita
		 and Pieter Spronck",
  bibdate =	"2012-12-12",
  bibsource =	"DBLP,
		 http://dblp.uni-trier.de/db/conf/aiide/aiide2008.html#ChaslotBSS08",
  booktitle =	"AIIDE",
  booktitle =	"Proceedings of the Fourth Artificial Intelligence and
		 Interactive Digital Entertainment Conference, October
		 22-24, 2008, Stanford, California, {USA}",
  publisher =	"The AAAI Press",
  year = 	"2008",
  editor =	"Christian Darken and Michael Mateas",
  ISBN = 	"978-1-57735-391-1",
}

@InProceedings{Coulom2006,
  title =	"Efficient Selectivity and Backup Operators in
		 Monte-Carlo Tree Search",
  author =	"R{\'e}mi Coulom",
  publisher =	"Springer",
  year = 	"2006",
  volume =	"4630",
  bibdate =	"2007-10-01",
  bibsource =	"DBLP,
		 http://dblp.uni-trier.de/db/conf/cg/cg2006.html#Coulom06",
  booktitle =	"Computers and Games",
  crossref =	"conf/cg/2006",
  editor =	"H. Jaap van den Herik and Paolo Ciancarini and H. H.
		 L. M. Donkers",
  ISBN = 	"978-3-540-75537-1",
  pages =	"72--83",
  series =	"Lecture Notes in Computer Science",
}

@InProceedings{Kocsis2006,
  title =	"Bandit Based Monte-Carlo Planning",
  author =	"Levente Kocsis and Csaba Szepesv{\'a}ri",
  bibdate =	"2006-10-23",
  bibsource =	"DBLP,
		 http://dblp.uni-trier.de/db/conf/ecml/ecml2006.html#KocsisS06",
  booktitle =	"ECML",
  booktitle =	"Machine Learning: {ECML} 2006, 17th European
		 Conference on Machine Learning, Berlin, Germany,
		 September 18-22, 2006, Proceedings",
  publisher =	"Springer",
  year = 	"2006",
  volume =	"4212",
  editor =	"Johannes F{\"u}rnkranz and Tobias Scheffer and Myra
		 Spiliopoulou",
  ISBN = 	"3-540-45375-X",
  pages =	"282--293",
  series =	"Lecture Notes in Computer Science",
}

@Article{Billings2002,
  author =	"Darse Billings and Lourdes Pe{\~{n}}a and Jonathan
		 Schaeffer and Duane Szafron",
  title =	"The Challenge of Poker",
  journal =	"Artificial Intelligence",
  year = 	"2002",
  volume =	"134",
  number =	"1-2",
  pages =	"201--240",
  month =	jan,
  note = 	"Special Issue on Games, Computers and Artificial
		 Intelligence",
  learning =	"Neural Network",
  game = 	"Poker",
  available =	"y",
}

@Article{Sheppard2002,
  title =	"World-championship-caliber Scrabble",
  author =	"Brian Sheppard",
  journal =	"Artif. Intell",
  year = 	"2002",
  number =	"1-2",
  volume =	"134",
  bibdate =	"2003-11-19",
  bibsource =	"DBLP,
		 http://dblp.uni-trier.de/db/journals/ai/ai134.html#Sheppard02",
  pages =	"241--275",
}

@InProceedings{Tesauro1996,
  title =	"On-line Policy Improvement using Monte-Carlo Search",
  author =	"Gerald Tesauro and Gregory R. Galperin",
  publisher =	"MIT Press",
  year = 	"1996",
  bibdate =	"2003-05-28",
  bibsource =	"DBLP,
		 http://dblp.uni-trier.de/db/conf/nips/nipsN1996.html#TesauroG96",
  booktitle =	"NIPS",
  editor =	"Michael Mozer and Michael I. Jordan and Thomas
		 Petsche",
  pages =	"1068--1074",
}

@InProceedings{Gallagher2003,
  author =	"Marcus Gallagher and Amanda Ryan",
  title =	"Learning to play pac-man: An evolutionary, rule-based
		 approach",
  booktitle =	"Proceedings of the 2003 Congress on Evolutionary
		 Computation CEC2003",
  editor =	"Ruhul Sarker and Robert Reynolds and Hussein Abbass
		 and Kay Chen Tan and Bob McKay and Daryl Essam and Tom
		 Gedeon",
  pages =	"2462--2469",
  year = 	"2003",
  publisher =	"IEEE Press",
  address =	"Canberra",
  publisher_address = "445 Hoes Lane, P.O. Box 1331, Piscataway, NJ
		 08855-1331, USA",
  month =	"8-12 " # dec,
  organisation = "IEEE Neural Network Council (NNC), Engineers Australia
		 (IEAust), Evolutionary Programming Society (EPS),
		 Institution of Electrical Engineers (IEE)",
  ISBN = 	"0-7803-7804-0",
  notes =	"CEC 2003 - A joint meeting of the IEEE, the IEAust,
		 the EPS, and the IEE.",
}

@Article{Szita2007,
  title =	"Learning to Play Using Low-Complexity Rule-Based
		 Policies: Illustrations through Ms. Pac-Man",
  author =	"Istvan Szita and Andr{\'a}s L{\"o}rincz",
  journal =	"J. Artif. Intell. Res. (JAIR)",
  year = 	"2007",
  volume =	"30",
  bibdate =	"2010-06-11",
  bibsource =	"DBLP,
		 http://dblp.uni-trier.de/db/journals/jair/jair30.html#SzitaL07",
  pages =	"659--684",
}

@Article{Me2012,
  title = "An ensemble agent for Ms Pac-Man",
  author = "Stewart MacKenzie-Leigh and John Levine and Matthias Lenz",
  journal = "PlanSIG 2012",
  year = "2012",
}

@Book{Aleksander1995,
  author =	"Igor Aleksander and Helen Morton",
  title =	"An Introduction to Neural Computing",
  publisher =	"International Thomson Computer Press",
  year = 	"1995",
  edition = "2nd",
}

@Book{Annema1995,
  author = "Anne-Johan Annema",
  title = "Feed-Forward Neural Networks: Vector Decomposition Analysis, Modelling and Analog Implementation",
  publisher = "Kluwer Academic Publishers",
  year = "1995",
}

@Book{Vander,
  author = "Eric P. Widmaier and Hershel Raff and Kevin T. Strang",
  title = "Vander's Human Physiology: The Mechanisms of Body Function",
  publisher = "McGraw Hill",
  year = "2006",
  edition = "10th",
}
	

